<?xml version="1.0" encoding="UTF-8"?><collection xmlns="http://www.loc.gov/MARC21/slim"><record><leader>00413nam--2200145-i-4500</leader><controlfield tag="001">000043424</controlfield><controlfield tag="002">20161230</controlfield><controlfield tag="005">20170106175846</controlfield><controlfield tag="008">060222s1000------------r-----000-0-eng-d</controlfield><datafield ind1=" " ind2=" " tag="100"><subfield code="a">Szalay, S©Łndor</subfield></datafield><datafield ind1=" " ind2=" " tag="245"><subfield code="a">Vizsg©Łlatok nagy atoms©ðly©ð kationok adszorpci©đj©Łra humusz kolloidokon</subfield></datafield><datafield ind1=" " ind2=" " tag="260"><subfield code="a">Budapest</subfield><subfield code="b">Magyar Tudom©Łnyos Akad©♭mia</subfield><subfield code="c">1954</subfield></datafield><datafield ind1=" " ind2=" " tag="300"><subfield code="a">16 p</subfield></datafield><datafield ind1=" " ind2=" " tag="852"><subfield code="a">6265</subfield></datafield><datafield ind1=" " ind2=" " tag="CAT"><subfield code="a">SYS</subfield><subfield code="c">20170106</subfield><subfield code="h">175846</subfield></datafield></record></collection>